
@inproceedings{Calisto:2017:TTM:3132272.3134111,
 author = {Calisto, Francisco M. and Ferreira, Alfredo and Nascimento, Jacinto C. and Gon\c{c}alves, Daniel},
 title = {Towards Touch-Based Medical Image Diagnosis Annotation},
 booktitle = {Proceedings of the 2017 ACM International Conference on Interactive Surfaces and Spaces},
 series = {ISS '17},
 year = {2017},
 isbn = {978-1-4503-4691-7},
 location = {Brighton, United Kingdom},
 pages = {390--395},
 numpages = {6},
 url = {http://doi.acm.org/10.1145/3132272.3134111},
 doi = {10.1145/3132272.3134111},
 acmid = {3134111},
 publisher = {ACM},
 address = {New York, NY, USA},
 keywords = {Human-Computer Interaction, Interaction Design, Medical Image Diagnosis, Medical Visualization, Touch-Based},
}

@article{wagner2015analysis,
  title={Analysis and classification of oncology activities on the way to workflow based single source documentation in clinical information systems},
  author={Wagner, Stefan and Beckmann, Matthias W and Wullich, Bernd and Seggewies, Christof and Ries, Markus and B{\"u}rkle, Thomas and Prokosch, Hans-Ulrich},
  journal={BMC medical informatics and decision making},
  volume={15},
  number={1},
  pages={107},
  year={2015},
  publisher={BioMed Central}
}

@article{bruno2015understanding,
  title={Understanding and confronting our mistakes: the epidemiology of error in radiology and strategies for error reduction},
  author={Bruno, Michael A and Walker, Eric A and Abujudeh, Hani H},
  journal={Radiographics},
  volume={35},
  number={6},
  pages={1668--1676},
  year={2015},
  publisher={Radiological Society of North America}
}

@incollection{ng2017technical,
  title={Technical Specifications of Medical Imaging Equipment},
  author={Ng, Kwan Hoong and Wong, Jeannie Hsiu Ding and Tan, Sock Keow},
  booktitle={Defining the Medical Imaging Requirements for a Rural Health Center},
  pages={49--74},
  year={2017},
  publisher={Springer},
  address={Singapore}
}

@article{haak2015dicom,
  title={DICOM for clinical research: PACS-integrated electronic data capture in multi-center trials},
  author={Haak, Daniel and Page, Charles-E and Reinartz, Sebastian and Kr{\"u}ger, Thilo and Deserno, Thomas M},
  journal={Journal of digital imaging},
  volume={28},
  number={5},
  pages={558--566},
  year={2015},
  publisher={Springer}
}

@article{henriksen2018efficacy,
  title={The efficacy of using computer-aided detection (CAD) for detection of breast cancer in mammography screening: a systematic review},
  author={Henriksen, Emilie L and Carlsen, Jonathan F and Vejborg, Ilse MM and Nielsen, Michael B and Lauridsen, Carsten A},
  journal={Acta Radiologica},
  volume={60},
  number={13--18},
  pages={0284185118770917},
  year={2018},
  publisher={SAGE Publications Sage UK: London, England}
}

@article{senkus2015primary,
  title={Primary breast cancer: ESMO Clinical Practice Guidelines for diagnosis, treatment and follow-up},
  author={Senkus, E and Kyriakides, S and Ohno, S and Penault-Llorca, F and Poortmans, P and Rutgers, E and Zackrisson, Sophia and Cardoso, F},
  journal={Annals of oncology},
  volume={26},
  number={suppl\_5},
  pages={v8--v30},
  year={2015},
  publisher={Oxford University Press}
}

@article{van2015use,
  title={Use of biomarkers to guide decisions on systemic therapy for women with metastatic breast cancer: American Society of Clinical Oncology Clinical Practice Guideline},
  author={Van Poznak, Catherine and Harris, Lyndsay N and Somerfield, Mark R},
  journal={Journal of oncology practice},
  volume={11},
  number={6},
  pages={514--516},
  year={2015},
  publisher={American Society of Clinical Oncology Alexandria, VA}
}

@article{heinrich2012mind,
  title={MIND: Modality independent neighbourhood descriptor for multi-modal deformable registration},
  author={Heinrich, Mattias P and Jenkinson, Mark and Bhushan, Manav and Matin, Tahreema and Gleeson, Fergus V and Brady, Michael and Schnabel, Julia A},
  journal={Medical image analysis},
  volume={16},
  number={7},
  pages={1423--1435},
  year={2012},
  publisher={Elsevier}
}

@article{charon2012membranes,
  title={At the membranes of care: stories in narrative medicine},
  author={Charon, Rita},
  journal={Academic Medicine},
  volume={87},
  number={3},
  pages={342},
  year={2012},
  publisher={NIH Public Access}
}

@article{rosset2004osirix,
  title={OsiriX: an open-source software for navigating in multidimensional DICOM images},
  author={Rosset, Antoine and Spadola, Luca and Ratib, Osman},
  journal={Journal of digital imaging},
  volume={17},
  number={3},
  pages={205--216},
  year={2004},
  publisher={Springer}
}

@article{wolf2005medical,
  title={The medical imaging interaction toolkit},
  author={Wolf, Ivo and Vetter, Marcus and Wegner, Ingmar and B{\"o}ttger, Thomas and Nolden, Marco and Sch{\"o}binger, Max and Hastenteufel, Mark and Kunert, Tobias and Meinzer, Hans-Peter},
  journal={Medical image analysis},
  volume={9},
  number={6},
  pages={594--604},
  year={2005},
  publisher={Elsevier}
}

@article{olabarriaga2001interaction,
  title={Interaction in the segmentation of medical images: A survey},
  author={Olabarriaga, S{\'\i}lvia Delgado and Smeulders, Arnold WM},
  journal={Medical image analysis},
  volume={5},
  number={2},
  pages={127--142},
  year={2001},
  publisher={Elsevier}
}

@article{weese2016four,
  title={Four challenges in medical image analysis from an industrial perspective},
  author={Weese, J{\"u}rgen and Lorenz, Cristian},
  journal={Medical image analysis},
  volume={33},
  pages={44--49},
  year={2016},
  publisher={Elsevier}
}

@article{miller2016cancer,
  title={Cancer treatment and survivorship statistics, 2016},
  author={Miller, Kimberly D and Siegel, Rebecca L and Lin, Chun Chieh and Mariotto, Angela B and Kramer, Joan L and Rowland, Julia H and Stein, Kevin D and Alteri, Rick and Jemal, Ahmedin},
  journal={CA: a cancer journal for clinicians},
  volume={66},
  number={4},
  pages={271--289},
  year={2016},
  publisher={Wiley Online Library}
}

@article{sprague2017national,
  title={National performance benchmarks for modern diagnostic digital mammography: update from the Breast Cancer Surveillance Consortium},
  author={Sprague, Brian L and Arao, Robert F and Miglioretti, Diana L and Henderson, Louise M and Buist, Diana SM and Onega, Tracy and Rauscher, Garth H and Lee, Janie M and Tosteson, Anna NA and Kerlikowske, Karla and others},
  journal={Radiology},
  volume={283},
  number={1},
  pages={59--69},
  year={2017},
  publisher={Radiological Society of North America}
}

@article{powell2017impact,
  title={Impact of the addition of digital breast tomosynthesis (DBT) to standard 2D digital screening mammography on the rates of patient recall, cancer detection, and recommendations for short-term follow-up},
  author={Powell, Jaclynn L and Hawley, Jeffrey R and Lipari, Adele M and Yildiz, Vedat O and Erdal, B Selnur and Carkaci, Selin},
  journal={Academic radiology},
  volume={24},
  number={3},
  pages={302--307},
  year={2017},
  publisher={Elsevier}
}

@article{poplack2015pilot,
  title={A pilot study of ultrasound-guided cryoablation of invasive ductal carcinomas up to 15 mm with MRI follow-up and subsequent surgical resection},
  author={Poplack, Steven P and Levine, Gary M and Henry, Lisa and Wells, Wendy A and Heinemann, F Scott and Hanna, Cheryl M and Deneen, Daniel R and Tosteson, Tor D and Barth Jr, Richard J},
  journal={American Journal of Roentgenology},
  volume={204},
  number={5},
  pages={1100--1108},
  year={2015},
  publisher={Am Roentgen Ray Soc}
}

@article{lauby2015breast,
  title={Breast-cancer screeningâ€”viewpoint of the IARC Working Group},
  author={Lauby-Secretan, B{\'e}atrice and Scoccianti, Chiara and Loomis, Dana and Benbrahim-Tallaa, Lamia and Bouvard, V{\'e}ronique and Bianchini, Franca and Straif, Kurt},
  journal={New England Journal of Medicine},
  volume={372},
  number={24},
  pages={2353--2358},
  year={2015},
  publisher={Mass Medical Soc}
}

@article{riedl2015triple,
  title={Triple-modality screening trial for familial breast cancer underlines the importance of magnetic resonance imaging and questions the role of mammography and ultrasound regardless of patient mutation status, age, and breast density},
  author={Riedl, Christopher C and Luft, Nikolaus and Bernhart, Clemens and Weber, Michael and Bernathova, Maria and Tea, Muy-Kheng M and Rudas, Margaretha and Singer, Christian F and Helbich, Thomas H},
  journal={Journal of clinical oncology: official journal of the American Society of Clinical Oncology},
  volume={33},
  number={10},
  pages={1128},
  year={2015},
  publisher={NIH Public Access}
}

@article{houssami2014individual,
  title={An individual person data meta-analysis of preoperative magnetic resonance imaging and breast cancer recurrence},
  author={Houssami, Nehmat and Turner, Robin and Macaskill, Petra and Turnbull, Lindsay W and McCready, David R and Tuttle, Todd M and Vapiwala, Neha and Solin, Lawrence J},
  journal={Journal of Clinical Oncology},
  volume={32},
  number={5},
  pages={392--401},
  year={2014},
  publisher={American Society of Clinical Oncology}
}

@article{kannampallil2011considering,
  title={Considering complexity in healthcare systems},
  author={Kannampallil, Thomas G and Schauer, Guido F and Cohen, Trevor and Patel, Vimla L},
  journal={Journal of biomedical informatics},
  volume={44},
  number={6},
  pages={943--947},
  year={2011},
  publisher={Elsevier}
}

@article{berg2015quantitative,
  title={Quantitative maximum shear-wave stiffness of breast masses as a predictor of histopathologic severity},
  author={Berg, Wendie A and Mendelson, Ellen B and Cosgrove, David O and Dor{\'e}, Caroline J and Gay, Joel and Henry, Jean-Pierre and Cohen-Bacrie, Claude},
  journal={American Journal of Roentgenology},
  volume={205},
  number={2},
  pages={448--455},
  year={2015},
  publisher={Am Roentgen Ray Soc}
}

@article{elmore2016variability,
  title={Variability in pathologists' interpretations of individual breast biopsy slides: a population perspective},
  author={Elmore, Joann G and Nelson, Heidi D and Pepe, Margaret S and Longton, Gary M and Tosteson, Anna NA and Geller, Berta and Onega, Tracy and Carney, Patricia A and Jackson, Sara L and Allison, Kimberly H and others},
  journal={Annals of internal medicine},
  volume={164},
  number={10},
  pages={649--655},
  year={2016},
  publisher={Am Coll Physicians}
}

@article{nounou2015breast,
  title={Breast cancer: conventional diagnosis and treatment modalities and recent patents and technologies},
  author={Nounou, Mohamed I and ElAmrawy, Fatema and Ahmed, Nada and Abdelraouf, Kamilia and Goda, Satyanarayana and Syed-Sha-Qhattal, Hussaini},
  journal={Breast cancer: basic and clinical research},
  volume={9},
  pages={BCBCR--S29420},
  year={2015},
  publisher={SAGE Publications Sage UK: London, England}
}

@article{miller2014twenty,
  title={Twenty five year follow-up for breast cancer incidence and mortality of the Canadian National Breast Screening Study: randomised screening trial},
  author={Miller, Anthony B and Wall, Claus and Baines, Cornelia J and Sun, Ping and To, Teresa and Narod, Steven A},
  journal={Bmj},
  volume={348},
  pages={g366},
  year={2014},
  publisher={British Medical Journal Publishing Group}
}

@article{jorritsma2015improving,
  title={Improving the radiologist--CAD interaction: designing for appropriate trust},
  author={Jorritsma, W and Cnossen, F and van Ooijen, PMA},
  journal={Clinical radiology},
  volume={70},
  number={2},
  pages={115--122},
  year={2015},
  publisher={Elsevier}
}

@article{carneiro2017automated,
  title={Automated Analysis of Unregistered Multi-View Mammograms With Deep Learning},
  author={Carneiro, Gustavo and Nascimento, Jacinto and Bradley, Andrew P},
  journal={IEEE transactions on medical imaging},
  volume={36},
  number={11},
  pages={2355--2365},
  year={2017},
  publisher={IEEE}
}

@article{esses2009carcinosarcoma,
  title={Carcinosarcoma of the breast: two case reports and review of the literature},
  author={Esses, Kristi M and Hagmaier, Ramona M and Blanchard, Susan A and Lazarchick, John J and Riker, Adam I},
  journal={Cases journal},
  volume={2},
  number={1},
  pages={15},
  year={2009},
  publisher={BioMed Central}
}

@article{miranda2015computer,
  title={Computer-aided diagnosis system based on fuzzy logic for breast cancer categorization},
  author={Miranda, Gisele Helena Barboni and Felipe, Joaquim Cezar},
  journal={Computers in biology and medicine},
  volume={64},
  pages={334--346},
  year={2015},
  publisher={Elsevier}
}

@article{capelan2017prevalence,
  title={The prevalence of unmet needs in 625 women living beyond a diagnosis of early breast cancer},
  author={Capelan, Marta and Battisti, Nicol{\`o} Matteo Luca and McLoughlin, Anne and Maidens, Vivienne and Snuggs, Nikki and Slyk, Patrycja and Peckitt, Clare and Ring, Alistair},
  journal={British journal of cancer},
  volume={117},
  number={8},
  pages={1113},
  year={2017},
  publisher={Nature Publishing Group}
}

@article{vineis2014global,
  title={Global cancer patterns: causes and prevention},
  author={Vineis, Paolo and Wild, Christopher P},
  journal={The Lancet},
  volume={383},
  number={9916},
  pages={549--557},
  year={2014},
  publisher={Elsevier}
}

@inproceedings{Oram:2014:CDR:2598510.2598585,
 author = {Oram, Louise and MacLean, Karon and Kruchten, Philippe and Forster, Bruce},
 title = {Crafting Diversity in Radiology Image Stack Scrolling: Control and Annotations},
 booktitle = {Proceedings of the 2014 Conference on Designing Interactive Systems},
 series = {DIS '14},
 year = {2014},
 isbn = {978-1-4503-2902-6},
 location = {Vancouver, BC, Canada},
 pages = {567--576},
 numpages = {10},
 url = {http://doi.acm.org/10.1145/2598510.2598585},
 doi = {10.1145/2598510.2598585},
 acmid = {2598585},
 publisher = {ACM},
 address = {New York, NY, USA},
 keywords = {computer-aided diagnosis (cad), haptic, input device, mouse, prototyping, radiology, scrolling, tactile},
}

@inproceedings{Wilcox:2010:DPI:1753326.1753650,
 author = {Wilcox, Lauren and Morris, Dan and Tan, Desney and Gatewood, Justin},
 title = {Designing Patient-centric Information Displays for Hospitals},
 booktitle = {Proceedings of the SIGCHI Conference on Human Factors in Computing Systems},
 series = {CHI '10},
 year = {2010},
 isbn = {978-1-60558-929-9},
 location = {Atlanta, Georgia, USA},
 pages = {2123--2132},
 numpages = {10},
 url = {http://doi.acm.org/10.1145/1753326.1753650},
 doi = {10.1145/1753326.1753650},
 acmid = {1753650},
 publisher = {ACM},
 address = {New York, NY, USA},
 keywords = {electronic medical records, patient awareness},
}

@article{chen2017interactive,
  title={An Interactive Task Analysis Framework and Interactive System Research for Computer Aided Diagnosis},
  author={Chen, Rui and Hua, Qingyi and Ji, Xiang and Liu, Yun and Wang, Hongyu and Li, Juanni and Liu, Jianxin and Feng, Jun},
  journal={IEEE Access},
  volume={5},
  pages={23413--23424},
  year={2017},
  publisher={IEEE}
}

@article{smith2008rising,
  title={Rising use of diagnostic medical imaging in a large integrated health system},
  author={Smith-Bindman, Rebecca and Miglioretti, Diana L and Larson, Eric B},
  journal={Health affairs},
  volume={27},
  number={6},
  pages={1491--1502},
  year={2008},
  publisher={Project HOPE-The People-to-People Health Foundation, Inc.}
}

@article{kim2016breast,
  title={Breast cancer heterogeneity: MR imaging texture analysis and survival outcomes},
  author={Kim, Jae-Hun and Ko, Eun Sook and Lim, Yaeji and Lee, Kyung Soo and Han, Boo-Kyung and Ko, Eun Young and Hahn, Soo Yeon and Nam, Seok Jin},
  journal={Radiology},
  volume={282},
  number={3},
  pages={665--675},
  year={2016},
  publisher={Radiological Society of North America}
}

@article{onega2014breast,
  title={Breast cancer screening in an era of personalized regimens: A conceptual model and National Cancer Institute initiative for risk-based and preference-based approaches at a population level},
  author={Onega, Tracy and Beaber, Elisabeth F and Sprague, Brian L and Barlow, William E and Haas, Jennifer S and Tosteson, Anna NA and D Schnall, Mitchell and Armstrong, Katrina and Schapira, Marilyn M and Geller, Berta and others},
  journal={Cancer},
  volume={120},
  number={19},
  pages={2955--2964},
  year={2014},
  publisher={Wiley Online Library}
}

@inproceedings{Akaichi:2013:DEV:2492517.2500322,
 author = {Akaichi, Jalel and Ben Attouch, Rawia},
 title = {Disease Evolution Visualization Through Historized Versions of Medical Images},
 booktitle = {Proceedings of the 2013 IEEE/ACM International Conference on Advances in Social Networks Analysis and Mining},
 series = {ASONAM '13},
 year = {2013},
 isbn = {978-1-4503-2240-9},
 location = {Niagara, Ontario, Canada},
 pages = {972--975},
 numpages = {4},
 url = {http://doi.acm.org/10.1145/2492517.2500322},
 doi = {10.1145/2492517.2500322},
 acmid = {2500322},
 publisher = {ACM},
 address = {New York, NY, USA},
 keywords = {component, conceptual modeling, diseases evolution, image warehousing, images sequence, medical image},
}

@incollection{saha2016storage,
  title={Storage, Display, and PACS},
  author={Saha, Gopal B},
  booktitle={Basics of PET Imaging},
  pages={109--120},
  year={2016},
  publisher={Springer}
}

@article{hsieh2015physicians,
  title={Physiciansâ€™ acceptance of electronic medical records exchange: An extension of the decomposed TPB model with institutional trust and perceived risk},
  author={Hsieh, Pi-Jung},
  journal={International journal of medical informatics},
  volume={84},
  number={1},
  pages={1--14},
  year={2015},
  publisher={Elsevier}
}

@article{daniel2011standardizing,
  title={Standardizing the use of whole slide images in digital pathology},
  author={Daniel, Christel and Rojo, Marcial Garc{\'\i}a and Klossa, Jacques and Della Mea, Vincenzo and Booker, David and Beckwith, Bruce A and Schrader, Thomas},
  journal={Computerized Medical Imaging and Graphics},
  volume={35},
  number={7-8},
  pages={496--505},
  year={2011},
  publisher={Elsevier}
}

@article{greenspan2016guest,
  title={Guest editorial deep learning in medical imaging: Overview and future promise of an exciting new technique},
  author={Greenspan, Hayit and van Ginneken, Bram and Summers, Ronald M},
  journal={IEEE Transactions on Medical Imaging},
  volume={35},
  number={5},
  pages={1153--1159},
  year={2016},
  publisher={IEEE}
}

@article{oakden2017precision,
  title={Precision radiology: predicting longevity using feature engineering and deep learning methods in a radiomics framework},
  author={Oakden-Rayner, Luke and Carneiro, Gustavo and Bessen, Taryn and Nascimento, Jacinto C and Bradley, Andrew P and Palmer, Lyle J},
  journal={Scientific Reports},
  volume={7},
  number={1},
  pages={1648},
  year={2017},
  publisher={Nature Publishing Group}
}

@inproceedings{aghaei2018association,
  title={Association between background parenchymal enhancement of breast MRI and BIRADS rating change in the subsequent screening},
  author={Aghaei, Faranak and Mirniaharikandehei, Seyedehnafiseh and Hollingsworth, Alan B and Stoug, Rebecca G and Pearce, Melanie and Liu, Hong and Zheng, Bin},
  booktitle={Medical Imaging 2018: Imaging Informatics for Healthcare, Research, and Applications},
  volume={10579},
  pages={105790R},
  year={2018},
  publisher={SPIE},
  organization={International Society for Optics and Photonics},
  address={Houston, Texas, United States}
}

@article{urban2017lesiontracker,
  title={LesionTracker: Extensible open-source zero-footprint web viewer for cancer imaging research and clinical trials},
  author={Urban, Trinity and Ziegler, Erik and Lewis, Rob and Hafey, Chris and Sadow, Cheryl and Van den Abbeele, Annick D and Harris, Gordon J},
  journal={Cancer research},
  volume={77},
  number={21},
  pages={e119--e122},
  year={2017},
  publisher={AACR}
}

@inproceedings{Igarashi:2016:IVS:2984511.2984537,
 author = {Igarashi, Takeo and Shono, Naoyuki and Kin, Taichi and Saito, Toki},
 title = {Interactive Volume Segmentation with Threshold Field Painting},
 booktitle = {Proceedings of the 29th Annual Symposium on User Interface Software and Technology},
 series = {UIST '16},
 year = {2016},
 isbn = {978-1-4503-4189-9},
 location = {Tokyo, Japan},
 pages = {403--413},
 numpages = {11},
 url = {http://doi.acm.org/10.1145/2984511.2984537},
 doi = {10.1145/2984511.2984537},
 acmid = {2984537},
 publisher = {ACM},
 address = {New York, NY, USA},
 keywords = {medical imaging, volume segmentation},
}

@article{ramkumar2017using,
  title={Using GOMS and NASA-TLX to Evaluate Human--Computer Interaction Process in Interactive Segmentation},
  author={Ramkumar, Anjana and Stappers, Pieter Jan and Niessen, Wiro J and Adebahr, Sonja and Schimek-Jasch, Tanja and Nestle, Ursula and Song, Yu},
  journal={International Journal of Human--Computer Interaction},
  volume={33},
  number={2},
  pages={123--134},
  year={2017},
  publisher={Taylor \& Francis}
}

@inproceedings{Magrabi:2008:UCM:1358628.1358892,
 author = {Magrabi, Farah},
 title = {Using Cognitive Models to Evaluate Safety-critical Interfaces in Healthcare},
 booktitle = {CHI '08 Extended Abstracts on Human Factors in Computing Systems},
 series = {CHI EA '08},
 year = {2008},
 isbn = {978-1-60558-012-8},
 location = {Florence, Italy},
 pages = {3567--3572},
 numpages = {6},
 url = {http://doi.acm.org/10.1145/1358628.1358892},
 doi = {10.1145/1358628.1358892},
 acmid = {1358892},
 publisher = {ACM},
 address = {New York, NY, USA},
 keywords = {cognitive models, goms, healthcare, safety-critical systems, usability evaluation},
}

@article{hovenadaptive,
  title={Adaptive Visual-Diagnostic Training: User Mental Model Development},
  author={Hoven, Sarah and Seniuk, Alexis and Martel, Michel and Khan, Hussain and Epp, Carrie Demmans and Rourke, Liam},
  year={2018},
  journal={Graphics Interface}
}

@inproceedings{Balducci:2018:BQA:3206505.3206555,
 author = {Balducci, Fabrizio and Buono, Paolo},
 title = {Building a Qualified Annotation Dataset for Skin Lesion Analysis Trough Gamification},
 booktitle = {Proceedings of the 2018 International Conference on Advanced Visual Interfaces},
 series = {AVI '18},
 year = {2018},
 isbn = {978-1-4503-5616-9},
 location = {Castiglione della Pescaia, Grosseto, Italy},
 pages = {36:1--36:5},
 articleno = {36},
 numpages = {5},
 url = {http://doi.acm.org/10.1145/3206505.3206555},
 doi = {10.1145/3206505.3206555},
 acmid = {3206555},
 publisher = {ACM},
 address = {New York, NY, USA},
 keywords = {GWAP, annotation, dermatology, gamification, machine learning},
}

@inproceedings{Rosado:2015:NFS:2826165.2826213,
 author = {Rosado, Lu\'{\i}s and Vasconcelos, Maria Jo\~{a}o M. and Correia, Fernando and Costa, Nuno},
 title = {A Novel Framework for Supervised Mobile Assessment and Risk Triage of Skin Lesions},
 booktitle = {Proceedings of the 9th International Conference on Pervasive Computing Technologies for Healthcare},
 series = {PervasiveHealth '15},
 year = {2015},
 isbn = {978-1-63190-045-7},
 location = {Istanbul, Turkey},
 pages = {266--267},
 numpages = {2},
 url = {http://dl.acm.org/citation.cfm?id=2826165.2826213},
 acmid = {2826213},
 publisher = {ICST (Institute for Computer Sciences, Social-Informatics and Telecommunications Engineering)},
 address = {ICST, Brussels, Belgium, Belgium},
 keywords = {ABCD rule of dermatoscopy, image analysis, malignant melanoma detection, mobile monitoring},
}

@inproceedings{Seyed:2014:MIS:2559206.2581301,
 author = {Seyed, Teddy and Marinho Rodrigues, Francisco and Maurer, Frank and Tang, Anthony},
 title = {Medical Imaging Specialists and 3D: A Domain Perspective on Mobile 3D Interactions},
 booktitle = {CHI '14 Extended Abstracts on Human Factors in Computing Systems},
 series = {CHI EA '14},
 year = {2014},
 isbn = {978-1-4503-2474-8},
 location = {Toronto, Ontario, Canada},
 pages = {2341--2346},
 numpages = {6},
 url = {http://doi.acm.org/10.1145/2559206.2581301},
 doi = {10.1145/2559206.2581301},
 acmid = {2581301},
 publisher = {ACM},
 address = {New York, NY, USA},
 keywords = {3d navigation, medical imaging, mobile devices, volumetric imaging},
}

@inproceedings{Sousa:2017:VVR:3025453.3025566,
 author = {Sousa, Maur\'{\i}cio and Mendes, Daniel and Paulo, Soraia and Matela, Nuno and Jorge, Joaquim and Lopes, Daniel Sim\~{o}es},
 title = {VRRRRoom: Virtual Reality for Radiologists in the Reading Room},
 booktitle = {Proceedings of the 2017 CHI Conference on Human Factors in Computing Systems},
 series = {CHI '17},
 year = {2017},
 isbn = {978-1-4503-4655-9},
 location = {Denver, Colorado, USA},
 pages = {4057--4062},
 numpages = {6},
 url = {http://doi.acm.org/10.1145/3025453.3025566},
 doi = {10.1145/3025453.3025566},
 acmid = {3025566},
 publisher = {ACM},
 address = {New York, NY, USA},
 keywords = {interaction design, medical visualization, multitouch surfaces, virtual reality},
}

@inproceedings{Ocegueda-Hernandez:2016:CMN:2876456.2879485,
 author = {Ocegueda-Hern\'{a}ndez, Vladimir and Mendizabal-Ruiz, Gerardo},
 title = {Computational Methods for the Natural and Intuitive Visualization of Volumetric Medical Data},
 booktitle = {Companion Publication of the 21st International Conference on Intelligent User Interfaces},
 series = {IUI '16 Companion},
 year = {2016},
 isbn = {978-1-4503-4140-0},
 location = {Sonoma, California, USA},
 pages = {54--57},
 numpages = {4},
 url = {http://doi.acm.org/10.1145/2876456.2879485},
 doi = {10.1145/2876456.2879485},
 acmid = {2879485},
 publisher = {ACM},
 address = {New York, NY, USA},
 keywords = {human computer interaction, intuitive, medical image, natural, volume visualizer.},
}

@article{Silva:2015:ISI:2722827.2688203,
 author = {Silva, Hugo Pl\'{a}cido Da and Fairclough, Stephen and Holzinger, Andreas and Jacob, Robert and Tan, Desney},
 title = {Introduction to the Special Issue on Physiological Computing for Human-Computer Interaction},
 journal = {ACM Trans. Comput.-Hum. Interact.},
 issue_date = {January 2015},
 volume = {21},
 number = {6},
 month = jan,
 year = {2015},
 issn = {1073-0516},
 pages = {29:1--29:4},
 articleno = {29},
 numpages = {4},
 url = {http://doi.acm.org/10.1145/2688203},
 doi = {10.1145/2688203},
 acmid = {2688203},
 publisher = {ACM},
 address = {New York, NY, USA},
}

@Inproceedings{DanielSimoesLopes_6_2018,
   author = "Daniel Sim{\~o}es Lopes and Daniel Pires de S{\'a} Medeiros and Soraia Paulo and Pedro Flores Brasil Gomes Borges and Vitor Nunes and Vasco Mascarenhas and Marcos Veiga and Joaquim Armando Pires Jorge",
   title = "Interaction Techniques for Immersive {CT} Colonography: {A} Professional Assessment",
   booktitle = "Medical Image Computing and Computer Assisted Intervention - MICCAI 2018",
   publisher = "Springer, Cham",
   series = "Lecture Notes in Computer Science",
   year = 2018,
   month = jun,
   BibTexOrigem = "13935 www.Inesc-ID.pt 2018-07-13"
}

@inproceedings{mirhosseini2014benefits,
  title={Benefits of 3D immersion for virtual colonoscopy},
  author={Mirhosseini, Koosha and Sun, Qi and Gurijala, Krishna C and Laha, Bireswar and Kaufman, Arie E},
  booktitle={3DVis (3DVis), 2014 IEEE VIS International Workshop on},
  pages={75--79},
  year={2014},
  organization={IEEE}
}

@Article{Jodogne2018,
  author="Jodogne, S{\'e}bastien",
  title="The {O}rthanc Ecosystem for Medical Imaging",
  journal="Journal of Digital Imaging",
  year="2018",
  month="Jun",
  day="01",
  volume="31",
  number="3",
  pages="341--352",
  issn="1618-727X",
  doi="10.1007/s10278-018-0082-y",
  url="https://doi.org/10.1007/s10278-018-0082-y"
}

@mastersthesis{calisto2017mimbcdui,
  author       = {Francisco Maria Calisto},
  title        = {Medical Imaging Multimodality Breast Cancer Diagnosis User Interface},
  school       = {Instituto Superior T\'{e}cnico},
  year         = 2017,
  address      = {Avenida Rovisco Pais 1, 1049-001 Lisboa - Portugal (EU)},
  month        = 10,
  note         = {A Medical Imaging for Multimodality of Breast Cancer Diagnosis by an User Interface.}
}

@inproceedings{Sultanum:2018:MTP:3173574.3173996,
 author = {Sultanum, Nicole and Brudno, Michael and Wigdor, Daniel and Chevalier, Fanny},
 title = {More Text Please! Understanding and Supporting the Use of Visualization for Clinical Text Overview},
 booktitle = {Proceedings of the 2018 CHI Conference on Human Factors in Computing Systems},
 series = {CHI '18},
 year = {2018},
 isbn = {978-1-4503-5620-6},
 location = {Montreal QC, Canada},
 pages = {422:1--422:13},
 articleno = {422},
 numpages = {13},
 url = {http://doi.acm.org/10.1145/3173574.3173996},
 doi = {10.1145/3173574.3173996},
 acmid = {3173996},
 publisher = {ACM},
 address = {New York, NY, USA},
 keywords = {clinical overview, clinical text, medical narrative, medical visualization, medicine, text visualization, user study},
}

@article{berrouiguet2018ehealth,
  title={From eHealth to iHealth: Transition to participatory and personalized medicine in mental health},
  author={Berrouiguet, Sofian and Perez-Rodriguez, Mercedes M and Larsen, Mark and Baca-Garc{\'\i}a, Enrique and Courtet, Philippe and Oquendo, Maria},
  journal={Journal of medical Internet research},
  volume={20},
  number={1},
  year={2018},
  publisher={JMIR Publications Inc.}
}

@article{wang2018context,
  title={A context-sensitive deep learning approach for microcalcification detection in mammograms},
  author={Wang, Juan and Yang, Yongyi},
  journal={Pattern Recognition},
  volume={78},
  pages={12--22},
  year={2018},
  publisher={Elsevier}
}

@inproceedings{Molin:2016:UDA:2971485.2971561,
 author = {Molin, Jesper and Wo\'{z}niak, Pawe\l W. and Lundstr\"{o}m, Claes and Treanor, Darren and Fjeld, Morten},
 title = {Understanding Design for Automated Image Analysis in Digital Pathology},
 booktitle = {Proceedings of the 9th Nordic Conference on Human-Computer Interaction},
 series = {NordiCHI '16},
 year = {2016},
 isbn = {978-1-4503-4763-1},
 location = {Gothenburg, Sweden},
 pages = {58:1--58:10},
 articleno = {58},
 numpages = {10},
 url = {http://doi.acm.org/10.1145/2971485.2971561},
 doi = {10.1145/2971485.2971561},
 acmid = {2971561},
 publisher = {ACM},
 address = {New York, NY, USA},
 keywords = {Histopathology, automation, design, image processing, medical imaging, pathology},
}

@inproceedings{Castner:2018:ONG:3279810.3279845,
 author = {Castner, Nora and Klepper, Solveig and Kopnarski, Lena and H\"{u}ttig, Fabian and Keutel, Constanze and Scheiter, Katharina and Richter, Juliane and Eder, Th{\'e}r{\'e}se and Kasneci, Enkelejda},
 title = {Overlooking: The Nature of Gaze Behavior and Anomaly Detection in Expert Dentists},
 booktitle = {Proceedings of the Workshop on Modeling Cognitive Processes from Multimodal Data},
 series = {MCPMD '18},
 year = {2016},
 isbn = {978-1-4503-6072-2},
 location = {Boulder, Colorado},
 pages = {8:1--8:6},
 articleno = {8},
 numpages = {6},
 url = {http://doi.acm.org/10.1145/3279810.3279845},
 doi = {10.1145/3279810.3279845},
 acmid = {3279845},
 publisher = {ACM},
 address = {New York, NY, USA},
 keywords = {cognitive modelling, expertise, medical image interpretation, remote eye tracking},
}

@inproceedings{Reinschluessel:2017:VRU:3027063.3053173,
 author = {Reinschluessel, Anke Verena and Teuber, Joern and Herrlich, Marc and Bissel, Jeffrey and van Eikeren, Melanie and Ganser, Johannes and Koeller, Felicia and Kollasch, Fenja and Mildner, Thomas and Raimondo, Luca and Reisig, Lars and Ruedel, Marc and Thieme, Danny and Vahl, Tobias and Zachmann, Gabriel and Malaka, Rainer},
 title = {Virtual Reality for User-Centered Design and Evaluation of Touch-free Interaction Techniques for Navigating Medical Images in the Operating Room},
 booktitle = {Proceedings of the 2017 CHI Conference Extended Abstracts on Human Factors in Computing Systems},
 series = {CHI EA '17},
 year = {2017},
 isbn = {978-1-4503-4656-6},
 location = {Denver, Colorado, USA},
 pages = {2001--2009},
 numpages = {9},
 url = {http://doi.acm.org/10.1145/3027063.3053173},
 doi = {10.1145/3027063.3053173},
 acmid = {3053173},
 publisher = {ACM},
 address = {New York, NY, USA},
 keywords = {medical imaging, operating room, touch-free interaction, virtual reality},
}

@inproceedings{Watts:2017:PAR:3139131.3141198,
 author = {Watts, Ian and Boulanger, Pierre and Kawchuk, Greg},
 title = {ProjectDR: Augmented Reality System for Displaying Medical Images Directly Onto a Patient},
 booktitle = {Proceedings of the 23rd ACM Symposium on Virtual Reality Software and Technology},
 series = {VRST '17},
 year = {2017},
 isbn = {978-1-4503-5548-3},
 location = {Gothenburg, Sweden},
 pages = {70:1--70:2},
 articleno = {70},
 numpages = {2},
 url = {http://doi.acm.org/10.1145/3139131.3141198},
 doi = {10.1145/3139131.3141198},
 acmid = {3141198},
 publisher = {ACM},
 address = {New York, NY, USA},
 keywords = {3D tracking, medical display, projected augmented reality},
}

@inproceedings{Sonntag:2010:MDM:1719970.1720036,
 author = {Sonntag, Daniel and M\"{o}ller, Manuel},
 title = {A Multimodal Dialogue Mashup for Medical Image Semantics},
 booktitle = {Proceedings of the 15th International Conference on Intelligent User Interfaces},
 series = {IUI '10},
 year = {2010},
 isbn = {978-1-60558-515-4},
 location = {Hong Kong, China},
 pages = {381--384},
 numpages = {4},
 url = {http://doi.acm.org/10.1145/1719970.1720036},
 doi = {10.1145/1719970.1720036},
 acmid = {1720036},
 publisher = {ACM},
 address = {New York, NY, USA},
 keywords = {collaborative environments, design, touchscreen interface},
}

@inproceedings{Jalaliniya:2013:DTI:2494091.2499902,
 author = {Jalaliniya, Shahram and Smith, Jeremiah and Sousa, Miguel and B\"{u}the, Lars and Pederson, Thomas},
 title = {Demo: Touch-less Interaction with Medical Images Using Hand \&\#38; Foot Gestures},
 booktitle = {Proceedings of the 2013 ACM Conference on Pervasive and Ubiquitous Computing Adjunct Publication},
 series = {UbiComp '13 Adjunct},
 year = {2013},
 isbn = {978-1-4503-2215-7},
 location = {Zurich, Switzerland},
 pages = {1305--1306},
 numpages = {2},
 url = {http://doi.acm.org/10.1145/2494091.2499902},
 doi = {10.1145/2494091.2499902},
 acmid = {2499902},
 publisher = {ACM},
 address = {New York, NY, USA},
 keywords = {floor sensor, gesture-based interaction, touch-less interaction in hospital, wearable sensor},
}

@article{gagnon2014electronic,
  title={Electronic health record acceptance by physicians: testing an integrated theoretical model},
  author={Gagnon, Marie-Pierre and Ghandour, El Kebir and Talla, Pascaline Kengne and Simonyan, David and Godin, Gaston and Labrecque, Michel and Ouimet, Mathieu and Rousseau, Michel},
  journal={Journal of biomedical informatics},
  volume={48},
  pages={17--27},
  year={2014},
  publisher={Elsevier}
}

@inproceedings{grier2015high,
  title={How high is high? A meta-analysis of NASA-TLX global workload scores},
  author={Grier, Rebecca A},
  booktitle={Proceedings of the Human Factors and Ergonomics Society Annual Meeting},
  volume={59},
  pages={1727--1731},
  year={2015},
  organization={SAGE Publications Sage CA: Los Angeles, CA}
}

@article{mathews2017usability,
  title={Usability evaluation of laboratory information systems},
  author={Mathews, Althea and Marc, David},
  journal={Journal of pathology informatics},
  volume={8},
  year={2017},
  publisher={Wolters Kluwer--Medknow Publications}
}

@inproceedings{Wobbrock:2011:ART:1978942.1978963,
 author = {Wobbrock, Jacob O. and Findlater, Leah and Gergle, Darren and Higgins, James J.},
 title = {The Aligned Rank Transform for Nonparametric Factorial Analyses Using Only Anova Procedures},
 booktitle = {Proceedings of the SIGCHI Conference on Human Factors in Computing Systems},
 series = {CHI '11},
 year = {2011},
 isbn = {978-1-4503-0228-9},
 location = {Vancouver, BC, Canada},
 pages = {143--146},
 numpages = {4},
 url = {http://doi.acm.org/10.1145/1978942.1978963},
 doi = {10.1145/1978942.1978963},
 acmid = {1978963},
 publisher = {ACM},
 address = {New York, NY, USA},
 keywords = {analysis of variance, anova, f-test, factorial analysis, nonparametric data, statistics},
}

@inproceedings{Tyllinen:2016:WNN:2858036.2858570,
 author = {Tyllinen, Mari and Kaipio, Johanna and L\"{a}\"{a}veri, Tinja and Nieminen, Marko H.T.},
 title = {We Need Numbers!: Heuristic Evaluation During Demonstrations (HED) for Measuring Usability in IT System Procurement},
 booktitle = {Proceedings of the 2016 CHI Conference on Human Factors in Computing Systems},
 series = {CHI '16},
 year = {2016},
 isbn = {978-1-4503-3362-7},
 location = {San Jose, California, USA},
 pages = {4129--4141},
 numpages = {13},
 url = {http://doi.acm.org/10.1145/2858036.2858570},
 doi = {10.1145/2858036.2858570},
 acmid = {2858570},
 publisher = {ACM},
 address = {New York, NY, USA},
 keywords = {electronic health record, healthcare and social welfare information system, measuring usability, public procurement, summative evaluation, usability evaluation},
}

@article{messroghli2017clinical,
  title={Clinical recommendations for cardiovascular magnetic resonance mapping of T1, T2, T2* and extracellular volume: a consensus statement by the Society for Cardiovascular Magnetic Resonance (SCMR) endorsed by the European Association for Cardiovascular Imaging (EACVI)},
  author={Messroghli, Daniel R and Moon, James C and Ferreira, Vanessa M and Grosse-Wortmann, Lars and He, Taigang and Kellman, Peter and Mascherbauer, Julia and Nezafat, Reza and Salerno, Michael and Schelbert, Erik B and others},
  journal={Journal of Cardiovascular Magnetic Resonance},
  volume={19},
  number={1},
  pages={75},
  year={2017},
  publisher={BioMed Central}
}

@inproceedings{kieffer2009towards,
  title={Towards standardized pen-based annotation of breast cancer findings},
  author={Kieffer, Suzanne and Gouze, Annabelle and Moncarey, Ronald and Van Brussel, Christian and De Wispelaere, Jean-Fran{\c{c}}ois and Kayser, Fran{\c{c}}oise and Macq, Beno{\^\i}t},
  booktitle={International Conference on Human-Computer Interaction},
  pages={524--533},
  year={2009},
  organization={Springer}
}

@inproceedings{gouze2009interactive,
  title={Interactive breast cancer segmentation based on relevance feedback: from user-centered design to evaluation},
  author={Gouze, Annabelle and Kieffer, Suzanne and Van Brussel, Christian and Moncarey, Ronald and Grivegn{\'e}e, Andr{\'e} and Macq, Beno{\^\i}t},
  booktitle={Medical Imaging 2009: Computer-Aided Diagnosis},
  volume={7260},
  pages={726021},
  year={2009},
  organization={International Society for Optics and Photonics}
}

@inproceedings{lawonn2018survey,
  title={A survey on multimodal medical data visualization},
  author={Lawonn, Kai and Smit, Noeska N and B{\"u}hler, Katja and Preim, Bernhard},
  booktitle={Computer Graphics Forum},
  volume={37},
  number={1},
  pages={413--438},
  year={2018},
  organization={Wiley Online Library}
}

@article{loening2003amide,
  title={AMIDE: a free software tool for multimodality medical image analysis},
  author={Loening, Andreas Markus and Gambhir, Sanjiv Sam},
  journal={Molecular imaging},
  volume={2},
  number={3},
  pages={15353500200303133},
  year={2003},
  publisher={SAGE Publications Sage CA: Los Angeles, CA}
}

@inproceedings{10.1145/2046396.2046428,
 author = {Wu, Leslie and Cirimele, Jesse and Card, Stuart and Klemmer, Scott and Chu, Larry and Harrison, Kyle},
 title = {Maintaining Shared Mental Models in Anesthesia Crisis Care with Nurse Tablet Input and Large-Screen Displays},
 year = {2011},
 isbn = {9781450310147},
 publisher = {Association for Computing Machinery},
 address = {New York, NY, USA},
 url = {https://doi.org/10.1145/2046396.2046428},
 doi = {10.1145/2046396.2046428},
 booktitle = {Proceedings of the 24th Annual ACM Symposium Adjunct on User Interface Software and Technology},
 pages = {71â€“72},
 numpages = {2},
 keywords = {cognitive aids, medicine, checklists},
 location = {Santa Barbara, California, USA},
 series = {UIST â€™11 Adjunct}
}

@inproceedings{10.1145/2639189.2639256,
 author = {Woundefinedniak, Pawe\l{} and Romanowski, Andrzej and Yanta\c{c}, Asim Evren and Fjeld, Morten},
 title = {Notes from the Front Lines: Lessons Learnt from Designing for Improving Medical Imaging Data Sharing},
 year = {2014},
 isbn = {9781450325424},
 publisher = {Association for Computing Machinery},
 address = {New York, NY, USA},
 url = {https://doi.org/10.1145/2639189.2639256},
 doi = {10.1145/2639189.2639256},
 booktitle = {Proceedings of the 8th Nordic Conference on Human-Computer Interaction: Fun, Fast, Foundational},
 pages = {381â€“390},
 numpages = {10},
 keywords = {user studies, legacy technology, healthcare, medical imaging, clinical environments, participatory design, design case},
 location = {Helsinki, Finland},
 series = {NordiCHI â€™14}
}

@inproceedings{10.1145/2559206.2581301,
 author = {Seyed, Teddy and Marinho Rodrigues, Francisco and Maurer, Frank and Tang, Anthony},
 title = {Medical Imaging Specialists and 3D: A Domain Perspective on Mobile 3D Interactions},
 year = {2014},
 isbn = {9781450324748},
 publisher = {Association for Computing Machinery},
 address = {New York, NY, USA},
 url = {https://doi.org/10.1145/2559206.2581301},
 doi = {10.1145/2559206.2581301},
 booktitle = {CHI â€™14 Extended Abstracts on Human Factors in Computing Systems},
 pages = {2341â€“2346},
 numpages = {6},
 keywords = {mobile devices, volumetric imaging, 3d navigation, medical imaging},
 location = {Toronto, Ontario, Canada},
 series = {CHI EA â€™14}
}

@inproceedings{10.1145/1385569.1385651,
 author = {Gallo, Luigi and De Pietro, Giuseppe and Coronato, Antonio and Marra, Ivana},
 title = {Toward a Natural Interface to Virtual Medical Imaging Environments},
 year = {2008},
 isbn = {9781605581415},
 publisher = {Association for Computing Machinery},
 address = {New York, NY, USA},
 url = {https://doi.org/10.1145/1385569.1385651},
 doi = {10.1145/1385569.1385651},
 booktitle = {Proceedings of the Working Conference on Advanced Visual Interfaces},
 pages = {429â€“432},
 numpages = {4},
 keywords = {virtual reality, medical imaging, 3D interaction, wireless, VTK, 3D user interface},
 location = {Napoli, Italy},
 series = {AVI â€™08}
}

@inproceedings{10.1145/1842993.1843023,
 author = {van Schooten, Boris W. and van Dijk, Elisabeth M. A. G. and Zudilova-Seinstra, Elena and Suinesiaputra, Avan and Reiber, Johan H. C.},
 title = {The Effect of Stereoscopy and Motion Cues on 3D Interpretation Task Performance},
 year = {2010},
 isbn = {9781450300766},
 publisher = {Association for Computing Machinery},
 address = {New York, NY, USA},
 url = {https://doi.org/10.1145/1842993.1843023},
 doi = {10.1145/1842993.1843023},
 booktitle = {Proceedings of the International Conference on Advanced Visual Interfaces},
 pages = {167â€“170},
 numpages = {4},
 keywords = {graphics, angiography, stereoscopy, motion cue, medical visualization},
 location = {Roma, Italy},
 series = {AVI â€™10}
}

@inproceedings{10.1145/3107411.3107484,
 author = {Platania, Richard and Shams, Shayan and Yang, Seungwon and Zhang, Jian and Lee, Kisung and Park, Seung-Jong},
 title = {Automated Breast Cancer Diagnosis Using Deep Learning and Region of Interest Detection (BC-DROID)},
 year = {2017},
 isbn = {9781450347228},
 publisher = {Association for Computing Machinery},
 address = {New York, NY, USA},
 url = {https://doi.org/10.1145/3107411.3107484},
 doi = {10.1145/3107411.3107484},
 booktitle = {Proceedings of the 8th ACM International Conference on Bioinformatics, Computational Biology,and Health Informatics},
 pages = {536â€“543},
 numpages = {8},
 keywords = {automated diagnosis, breast cancer, convolutional neural network, mammogram, deep learning, object detection},
 location = {Boston, Massachusetts, USA},
 series = {ACM-BCB â€™17}
}

@inproceedings{10.1145/3170427.3188630,
 author = {Kjundefinedrup, Maria and Kouzeli, Stefania and Skov, Mikael B. and Kjeldskov, Jesper and Skov, Charlotte Schmidt and S\o{}gaard, Peter},
 title = {Diagnostic Agents: Collaborative Interpretation for Cardiac Patients at Home},
 year = {2018},
 isbn = {9781450356213},
 publisher = {Association for Computing Machinery},
 address = {New York, NY, USA},
 url = {https://doi.org/10.1145/3170427.3188630},
 doi = {10.1145/3170427.3188630},
 booktitle = {Extended Abstracts of the 2018 CHI Conference on Human Factors in Computing Systems},
 articleno = {Paper LBW041},
 numpages = {6},
 keywords = {home monitoring, collaborative interpretation, diagnostic agent, icd, technology probe},
 location = {Montreal QC, Canada},
 series = {CHI EA â€™18}
}

@inproceedings{10.1145/1133265.1133354,
 author = {Porta, Marco},
 title = {Browsing Large Collections of Images through Unconventional Visualization Techniques},
 year = {2006},
 isbn = {1595933530},
 publisher = {Association for Computing Machinery},
 address = {New York, NY, USA},
 url = {https://doi.org/10.1145/1133265.1133354},
 doi = {10.1145/1133265.1133354},
 booktitle = {Proceedings of the Working Conference on Advanced Visual Interfaces},
 pages = {440â€“444},
 numpages = {5},
 keywords = {image database, image browsing, image presentation},
 location = {Venezia, Italy},
 series = {AVI â€™06}
}

@inproceedings{10.1145/2909132.2909248,
 author = {Koutsabasis, Panayiotis and Domouzis, Chris K.},
 title = {Mid-Air Browsing and Selection in Image Collections},
 year = {2016},
 isbn = {9781450341318},
 publisher = {Association for Computing Machinery},
 address = {New York, NY, USA},
 url = {https://doi.org/10.1145/2909132.2909248},
 doi = {10.1145/2909132.2909248},
 booktitle = {Proceedings of the International Working Conference on Advanced Visual Interfaces},
 pages = {21â€“27},
 numpages = {7},
 keywords = {Elicitation, Kinect, Selection, Image Collections, Mid-Air Interaction, Browsing, Usability, Gestures},
 location = {Bari, Italy},
 series = {AVI â€™16}
}

@inproceedings{10.1145/3206505.3206602,
 author = {Lee, Bongshin and Srinivasan, Arjun and Stasko, John and Tory, Melanie and Setlur, Vidya},
 title = {Multimodal Interaction for Data Visualization},
 year = {2018},
 isbn = {9781450356169},
 publisher = {Association for Computing Machinery},
 address = {New York, NY, USA},
 url = {https://doi.org/10.1145/3206505.3206602},
 doi = {10.1145/3206505.3206602},
 booktitle = {Proceedings of the 2018 International Conference on Advanced Visual Interfaces},
 articleno = {Article 11},
 numpages = {3},
 keywords = {interaction design, multimodal interaction, data visuallization},
 location = {Castiglione della Pescaia, Grosseto, Italy},
 series = {AVI â€™18}
}

@inproceedings{10.1145/2685553.2699332,
 author = {Srinivas, preethi},
 title = {Modeling Clinical Workflow in Daily ICU Rounds to Support Task-Based Patient Monitoring and Care},
 year = {2015},
 isbn = {9781450329460},
 publisher = {Association for Computing Machinery},
 address = {New York, NY, USA},
 url = {https://doi.org/10.1145/2685553.2699332},
 doi = {10.1145/2685553.2699332},
 booktitle = {Proceedings of the 18th ACM Conference Companion on Computer Supported Cooperative Work & Social Computing},
 pages = {105â€“108},
 numpages = {4},
 keywords = {critical care, interruptions, task management},
 location = {Vancouver, BC, Canada},
 series = {CSCWâ€™15 Companion}
}

@inproceedings{10.5555/2826165.2826187,
 author = {Gonzales, Michael J. and Cheung, Vanice C. and Riek, Laurel D.},
 title = {Designing Collaborative Healthcare Technology for the Acute Care Workflow},
 year = {2015},
 isbn = {9781631900457},
 publisher = {ICST (Institute for Computer Sciences, Social-Informatics and Telecommunications Engineering)},
 address = {Brussels, BEL},
 booktitle = {Proceedings of the 9th International Conference on Pervasive Computing Technologies for Healthcare},
 pages = {145â€“152},
 numpages = {8},
 keywords = {workflow, resuscitation, user-centered design, health informatics, acute care, healthcare technology design, computer-supported collaborative work},
 location = {Istanbul, Turkey},
 series = {PervasiveHealth â€™15}
}

@inproceedings{10.1145/3290605.3300592,
 author = {Cockburn, Andy and Gutwin, Carl},
 title = {Anchoring Effects and Troublesome Asymmetric Transfer in Subjective Ratings},
 year = {2019},
 isbn = {9781450359702},
 publisher = {Association for Computing Machinery},
 address = {New York, NY, USA},
 url = {https://doi.org/10.1145/3290605.3300592},
 doi = {10.1145/3290605.3300592},
 booktitle = {Proceedings of the 2019 CHI Conference on Human Factors in Computing Systems},
 articleno = {Paper 362},
 numpages = {12},
 keywords = {anchoring effects, asymmetric transfer, nasa-tlx, order effects, subjective measures},
 location = {Glasgow, Scotland Uk},
 series = {CHI â€™19}
}
